%% Obtained via the getNewBibTeX script and the SPIRES biblio service

@Article{WeinbergModelOfLeptons,
     author    = "Weinberg, Steven",
     title     = "A MODEL OF LEPTONS",
     journal   = "Phys. Rev. Lett.",
     volume    = "19",
     year      = "1967",
     pages     = "1264-1266",
     SLACcitation  = "%%CITATION = PRLTA,19,1264;%%"
}

@Article{GlashowPartialSymmetries,
     author    = "Glashow, S. L.",
     title     = "Partial Symmetries of Weak Interactions",
     journal   = "Nucl. Phys.",
     volume    = "22",
     year      = "1961",
     pages     = "579",
     doi       = "10.1016/0029-5582(61)90469-2"
},

% citation title from "The rise of the standard model: particle physics in the 1960s and 1970s", By Lillian Hoddeson
@Inproceedings{SalamNobelSymposium,
    author = "Salam, Abdus",
    editor = "Svartholm, Nils",
    publisher = "Almqvist \& Wiskell",
    address = "Stockholm",
    year = "1968",
    booktitle = "Elementary particle physics: relativistic groups and analyticity",
    note = "Proceedings of the eighth Nobel symposium",
    title = "Weak and electromagnetic interactions",
    pages = "367"
}

% Higgs Mechanism
@article{Englert:1964et,
	Author = {F. Englert and R. Brout},
	Doi = {10.1103/PhysRevLett.13.321},
	Journal = {Phys. Rev. Lett.},
	Pages = {321},
	Title = {Broken symmetry and the mass of gauge vector mesons},
	Volume = {13},
	Year = {1964}}

@article{Higgs:1964ia,
	Author = {Higgs, P. W.},
	Doi = {10.1016/0031-9163(64)91136-9},
	Journal = {Phys. Lett.},
	Pages = {132},
	Title = {Broken symmetries, massless particles and gauge fields},
	Volume = {12},
	Year = {1964}}

@article{Higgs:1964pj,
	Author = {Higgs, P. W.},
	Doi = {10.1103/PhysRevLett.13.508},
	Journal = {Phys. Rev. Lett.},
	Pages = {508},
	Title = {Broken symmetries and the masses of gauge bosons},
	Volume = {13},
	Year = {1964}}

@article{Guralnik:1964eu,
	Author = {Guralnik, G. S. and Hagen, C. R. and Kibble, T. W. B.},
	Doi = {10.1103/PhysRevLett.13.585},
	Journal = {Phys. Rev. Lett.},
	Pages = {585},
	Title = {Global conservation laws and massless particles},
	Volume = {13},
	Year = {1964}}

@article{Higgs:1966ev,
	Author = {Higgs, P. W.},
	Doi = {10.1103/PhysRev.145.1156},
	Journal = {Phys. Rev.},
	Pages = {1156},
	Title = {Spontaneous symmetry breakdown without massless bosons},
	Volume = {145},
	Year = {1966}}

@article{Kibble:1967sv,
	Author = {Kibble, T. W. B.},
	Doi = {10.1103/PhysRev.155.1554},
	Journal = {Phys. Rev.},
	Pages = 1554,
	Title = {Symmetry breaking in non-{A}belian gauge theories},
	Volume = 155,
	Year = 1967
}



@Article{Phys.Rev.D2.1285,
     author    = "Glashow, S. L. and Iliopoulos, J. and Maiani, L.",
     title     = "WEAK INTERACTIONS WITH LEPTON - HADRON SYMMETRY",
     journal   = "Phys. Rev.",
     volume    = "D2",
     year      = "1970",
     pages     = "1285-1292",
     SLACcitation  = "%%CITATION = PHRVA,D2,1285;%%"
}

@Article{hep-ph/0410370,
     author    = "Willenbrock, Scott",
     title     = "Symmetries of the standard model",
     year      = "2004",
     eprint    = "hep-ph/0410370",
     SLACcitation  = "%%CITATION = HEP-PH 0410370;%%"
}

@Article{Brianti:2004qq,
     author    = "Brianti, G.",
     title     = "The Large Hadron Collider project: Historical account",
     journal   = "Phys. Rept.",
     volume    = "403-404",
     year      = "2004",
     pages     = "349-364",
     SLACcitation  = "%%CITATION = PRPLC,403-404,349;%%"
}


@Misc{hepthesis,
     author = "Buckley, Andy",
     title  = "The hepthesis {\LaTeX} class"
}
